%% LaTeX2e file `master-thesis.bib'
%% generated by the `filecontents' environment
%% from source `master-thesis' on 2017/05/07.
%%
@article{ kmu-russian,
 author      = {Ковшаров А.П., Кудряшов Б.Д},
 title       = {Исследование зависимости вероятности ошибки на блок от спектра графа Таннера для МППЧ-кодов},
 journal     = {Сборник тезисов докладов конгресса молодых ученых. Электронное издание},
 year        = {2017},
 langid      = {russian}
}

@article{ kmu-english,
 author      = {Kovsharov A.P., Anokhina I.A},
 title       = {LDPC-codes frame error rate and Tanner's graph spectrum correlation research},
 journal     = {ds},
 year        = {2017},
 langid      = {english}
}
