@article{ kmu-russian,
	author      = {Ковшаров, А.П. and Кудряшов, Б.Д.},
	title       = {Исследование зависимости вероятности ошибки на блок от спектра графа Таннера для МППЧ-кодов},
	journal     = {Сборник тезисов докладов конгресса молодых ученых. Электронное издание},
	year        = {2017},
	langid      = {russian}
}

@article{ kmu-english,
	author      = {Ковшаров, А.П. and Анохина, И.А.},
	title       = {LDPC-codes frame error rate and Tanner's graph spectrum correlation research},
	journal     = {Сборник тезисов докладов конгресса молодых ученых. Электронное издание},
	year        = {2017},
	langid      = {russian}
}
