@article{ kmu-russian,
	author      = {Ковшаров, А.П. and Кудряшов, Б.Д.},
	title       = {Исследование зависимости вероятности ошибки на блок от спектра графа Таннера для МППЧ-кодов},
	journal     = {Сборник тезисов докладов конгресса молодых ученых. Электронное издание},
	year        = {2017},
	langid      = {russian}
}

@article{ kmu-english,
	author      = {Ковшаров, А.П. and Анохина, И.А.},
	title       = {LDPC-codes frame error rate and Tanner's graph spectrum correlation research},
	journal     = {Сборник тезисов докладов конгресса молодых ученых. Электронное издание},
	year        = {2017},
	langid      = {russian}
}

@book{ hall-combinatorics,
	author      = {Холл, М.},
	title       = {Комбинаторика},
	year        = {1970},
	publisher   = {Издательство "Мир" Москва},
	langid      = {russian}
}

@book{ kudryashov-codingtheory,
	author      = {Кудряшов, Б.Д.},
	title       = {Основы теории кодирования},
	year        = {2016},
	publisher   = {БХВ-Петербург},
	langid      = {russian}
}	

@article{ gallager,
	author      = {Gallager,R.G},
	title       = {Low-Density Parity-Check Codes},
	publisher   = {Massachusetts: MIT Press},
	year        = {1963},
	langid      = {english}
}

@article{ finding-and-counting-given-length-cycles,
	author      = {Alon,N. and Yuster,R. and Zwick,U.},
	title       = {Finding and counting given length cycles},
	journal     = {Algorithmica},
	pages       = {209-223},
	publisher   = {Springer-Verlag New York Inc.},
	year        = {1997},
	langid      = {english}
}

@article{ counting-short-cycles-of-quasi-cyclic-protograph-ldpc-codes,
	author      = {Karimi,M. and Banihashemi,A.H.},
	title       = {Counting short cycles of quasi cyclic protograph LDPC-codes},
	journal     = {IEEE Communications Letters},
	volume      = {16},
	number      = {3},
	month       = {3},
	year        = {2012},
	pages       = {400-403},
	langid      = {english}
}

@article{ message-passing-algorithm-for-counting-short-cycles-in-graph,
	author      = {Karimi,M. and Banihashemi,A.},
	title       = {A message-passing algorithm for counting short cycles in graph},
	year        = {2013},
	langid      = {english}
}

@article{ how-to-find-long-paths-efficiently,
	author      = {Monien,B.},
	title       = {How to find long paths efficiently},
	journal     = {Annals of Discrete Mathematics},
	number      = {25},
	publisher   = {Elsevier Science Publishers B.V. (North-Holland},
	year        = {1985},
	pages       = {239-254},
	langid      = {english}
}

@article{ color-coding,
	author      = {Alon,N. and Yuster,R. and Zwick,U.},
	title       = {Color-coding},
	year        = {1995},
	langid      = {english}
}

@article{ algorithm-for-counting-for-counting-short-cycles-in-bipartite-graphs,
	author      = {Halford,T.R. and Chugg,K.M.},
	title       = {An algorithm for counting short cycles in bipartite graphs},
	journal     = {IEEE Transactions on Information Theory},
	volume      = {52},
	number      = {1},
	month       = {1},
	year        = {2006},
	langid      = {english}
}

@article{ opencl-cuda-algorithms-for-parallel-decoding-of-any-irregular-ldpc-code-using-gpu,
	author      = {Broulim,J. and Ayriyan,A. and Georgiev,V.},
	title       = {OpenCL/CUDA algorithms for parallel decoding of any irregular LDPC code using GPU},
	journal     = {Journal of \LaTeX class files},
	volume      = {14},
	number      = {8},
	month       = {8},
	year        = {2015},
	langid      = {english} 
}

@artice{ stressing-the-ber-simulation-of-ldpc-codes-in-the-error-floor-region-using-gpu-clusters,
	author      = {Falcao,G. and Andrade,J. and Silva,V. and Yamagiwa,S. and Sousa,L.},
	title       = {Stressing the BER simulation of LDPC codes in the error floor region using GPU clusters},
	journal     = {The Tenth International Symposium on Wireless Communication Systems},
	year        = {2013},
	langid      = {english}
}

@article{ on-the-number-of-cycles-in-a-graph,
	author      = {Harray,F. and Manvel,B.},
	title       = {On the number of cycles in a graph},
	journal     = {Matematicky casopis},
	year        = {1971},
	number      = {1},
	volume      = {21},
	pages       = {55-63},
	langid      = {english}
}

@article{ kudryashov-huawei,
	author      = {Kudryashov,B. and Bocharova,I.},
	title       = {Binary images of nonbinary LDPC codes for WiMAX scenario},
	year        = {2016},
	month       = {1},
	langid      = {english}
}

@article{ understanding-belief-propogation,
	author      = {Yedidia,J.S. and Freeman,W.T. and Weiss,Y.},
	title       = {Understanding Belief Propagation and its Generalizations},
	publisher   = {Mitsubishi electric research laboratories},
	month       = {November},
	year        = {2001},
	langid      = {english}
}

@article{ ace,
	author      = {Vukobratovic,D. and Senk,V.},
	title       = {Generalized ACE constrained progressive edge-growth LDPC code design},
	journal     = {IEEE Communications Letters},
	year        = {2008},
	number      = {12},
	volume      = {1},
	pages       = {32-34},
	langid      = {english}
}

@online{ mackay-codes,
	author      = {MacKay,D.J.C},
	title       = {Encyclopedia of Sparse Graph Codes},
	url         = {http://www.inference.phy.cam.ac.uk/mackay/codes/data.html},
	urldate     = {2017-05-08},
	langid      = {english}
}